@periodical{bush:1945:awmt,
    title = {As We May Think}, 
    journal = {The Atlantic Monthly}, 
    organization = {The Atlantic},
    volume = {176}, 
    number = {1}, 
    pages = {101--108}, 
    year = {1945}, 
    url = {http://www.theatlantic.com/magazine/archive/1945/07/as-we-may-think/303881/}, 
    lastaccessed = {August 7, 2023}
}

@misc{munafo:2023,
    author = {Robert P. Munafo},
    note = {personal web site},
    title = {Continuous Dwell},
    url = {https://mrob.com/pub/muency/continuousdwell.html},
    lastaccessed = {March 20, 2024},
    date = {March 20, 2023},
    year = {2023}
}

@misc{rust:num,
    author = {The \texttt{num} crate authors},
    title = {Type Definition num::BigRational},
    url = {https://docs.rs/num/latest/num/type.BigRational.html},
    lastaccessed = {March 22, 2024},
}

@misc{rust:softposit,
    author = {The \texttt{softposit} crate authors},
    title = {Crate \texttt{softposit}},
    url = {https://docs.rs/softposit/0.4.0/softposit/},
    lastaccessed = {March 22, 2024},
}

@misc{rust:fixed,
    author = {The \texttt{fixed} crate authors},
    title = {Crate \texttt{fixed}},
    url = {https://docs.rs/fixed/1.26.0/fixed/index.html},
    lastaccessed = {March 22, 2024},
}

@misc{github:thread,
    author = {Longfield and Eckman},
    title = {Share your discoveries!},
    note = {Github issue thread},
    url = {https://github.com/cceckman/fractal-farlands/issues/11},
    year = 2024,
}

@misc{imagemagick,
    url = {https://imagemagick.org/},
    author = {ImageMagick Studio LLC},
}

@misc{imagemagick:xkcd,
    author = {Randall Munroe},
    title = {Dependency},
    url = {https://xkcd.com/2347/},
    year = {2020},
}

@techreport{cowlishaw2008standard,
  added-at = {2020-10-06T14:35:39.000+0200},
  address = {New York, NY, USA},
  biburl = {https://www.bibsonomy.org/bibtex/217408cd727ef3e502b41d9d0e8502e60/jaeschke},
  editor = {Cowlishaw, Mike},
  institution = {IEEE Computer Society},
  interhash = {7e3b85491aa7f46d2cc79d2ece76304a},
  intrahash = {17408cd727ef3e502b41d9d0e8502e60},
  keywords = {arithmetic ddm floating ieee mk3.3 point standard},
  month = aug,
  number = {IEEE Std 754-2008},
  timestamp = {2021-05-05T09:10:37.000+0200},
  title = {IEEE Standard for Floating-Point Arithmetic},
  type = {Standard},
  url = {https://web.archive.org/web/20160806053349/http://www.csee.umbc.edu/~tsimo1/CMSC455/IEEE-754-2008.pdf},
  year = 2008
}

@techreport{posit,
  author = {Posit Working Group},
  month = mar,
  title = {Standard for Posit™ Arithmetic},
  url = {https://posithub.org/docs/posit_standard-2.pdf},
  year = 2022,
  lastaccessed = {March 22, 2024},
}

@misc{cult,
    title = {The Cult of Posits},
    author = {Dietrich Geisler and Edwin Peguero},
    date = {December 3, 2019},
    url = {https://www.cs.cornell.edu/courses/cs6120/2019fa/blog/posits/},
    year = 2019,
}

@misc{fixedp,
    title = {What’s the Difference Between Fixed-Point, Floating-Point, and Numerical Formats?},
    author = {William G. Wong},
    date = {August 31, 2017 },
    url = {https://www.electronicdesign.com/technologies/embedded/article/21805517/whats-the-difference-between-fixed-point-floating-point-and-numerical-formats},
    year = {2017},
}

@misc{fractal-audio,
    title = {Artists -- Fractal Audio Systems},
    url = {https://www.fractalaudio.com/artists/},
    lastaccessed = {March 23, 2024},
}

@misc{sphere,
    key = sphere,
    title = {Sphere},
    url = {https://www.imdb.com/title/tt0120184/},
    year = {1998},
    author = {Barry Levinson}
}

